
@article{DBLP:journals/corr/AlstrupDKP15,
  author    = {Stephen Alstrup and
               S{\o}ren Dahlgaard and
               Mathias B{\ae}k Tejs Knudsen and
               Ely Porat},
  title     = {Sublinear distance labeling for sparse graphs},
  journal   = {CoRR},
  volume    = {abs/1507.02618},
  year      = {2015},
  url       = {http://arxiv.org/abs/1507.02618},
  timestamp = {Sun, 02 Aug 2015 18:42:02 +0200},
  biburl    = {http://dblp.uni-trier.de/rec/bib/journals/corr/AlstrupDKP15},
  bibsource = {dblp computer science bibliography, http://dblp.org}
}

@article{DBLP:journals/corr/GawrychowskiKU15,
  author    = {Pawel Gawrychowski and
               Adrian Kosowski and
               Przemyslaw Uznanski},
  title     = {Even Simpler Distance Labeling for (Sparse) Graphs},
  journal   = {CoRR},
  volume    = {abs/1507.06240},
  year      = {2015},
  url       = {http://arxiv.org/abs/1507.06240},
  timestamp = {Sun, 02 Aug 2015 18:42:02 +0200},
  biburl    = {http://dblp.uni-trier.de/rec/bib/journals/corr/GawrychowskiKU15},
  bibsource = {dblp computer science bibliography, http://dblp.org}
}



@incollection{dahlgaard2014dynamic,
  title={Dynamic and multi-functional labeling schemes},
  author={Dahlgaard, S{\o}ren and Knudsen, Mathias B{\ae}k Tejs and Rotbart, Noy},
  booktitle={Algorithms and Computation},
  pages={141--153},
  year={2014},
  publisher={Springer}
}

@article{lozin2007minimal,
  title={Minimal universal bipartite graphs},
  author={Lozin, Vadim V and Rudolf, Gabor},
  journal={Ars Combinatoria},
  volume={84},
  pages={345--356},
  year={2007},
  publisher={Waterloo [Ont.] Dept. of Combinatorics and Optimization, University of Waterloo.}
}

@article{chen1994short,
  title={A short proof of Nash-Williams' theorem for the arboricity of a graph},
  author={Chen, Boliong and Matsumoto, Makoto and Wang, Jianfang and Zhang, Zhongfu and Zhang, Jianxun},
  journal={Graphs and Combinatorics},
  volume={10},
  number={1},
  pages={27--28},
  year={1994},
  publisher={Springer}
}

@book{spinrad2003efficient,
  title={Efficient graph representations},
  author={Spinrad, Jeremy P},
  year={2003},
  publisher={American mathematical society}
}


@article{Erdos1960graphs,
  title={Graphs with prescribed degrees of vertices (Hungarian)},
  author={Erd\"{o}s, Paul and Gallai, Tibor},
  journal={Mat. Lapok},
  volume={11},
  pages={264--274},
  year={1960}
}


@article{alstrup2005labeling,
  title={Labeling schemes for small distances in trees},
  author={Alstrup, S. and Bille, P. and Rauhe, T.},
  journal={SIAM J. Disc. Math.},
  volume={19},
  number={2},
  pages={448--462},
  year={2005},
}

@article{chen2012compact,
  title={A compact routing scheme and approximate distance oracle for power-law graphs},
  author={Chen, Wei and Sommer, Christian and Teng, Shang-Hua and Wang, Yajun},
  journal={ACM Transactions on Algorithms},
  volume={9},
  number={1},
  pages={4},
  year={2012},
  publisher={ACM}
}
@inproceedings{brady2006compact,
  title={Compact Routing on Power Law Graphs with Additive Stretch.},
  author={Brady, Arthur and Cowen, Lenore J},
  booktitle={ALENEX},
  volume={6},
  pages={119--128},
  year={2006},
  organization={SIAM}
}


@article{alstrup1997finding,
  title={Finding cores of limited length},
  author={Alstrup, Stephen and Laurdisen, Peter and Sommerland, Peter and Thorup, Mikkel},
  journal={Lecture notes in computer science},
  pages={45--54},
  year={1997},
  publisher={Springer}
}


@incollection{guillaume2002efficient,
  title={Efficient and simple encodings for the web graph},
  author={Guillaume, Jean-Loup and Latapy, Matthieu and Viennot, Laurent},
  booktitle={Advances in Web-Age Information Management},
  pages={328--337},
  year={2002},
  publisher={Springer}
}


@inproceedings{randall2002link,
  title={The link database: Fast access to graphs of the web},
  author={Randall, Keith H and Stata, Raymie and Wickremesinghe, Rajiv G and Wiener, Janet L},
  booktitle={Data Compression Conference, 2002. Proceedings. DCC 2002},
  pages={122--131},
  year={2002},
  organization={IEEE}
}


@incollection{asano2003compact,
  title={Compact Encoding of the Web Graph Exploiting Various Power Laws},
  author={Asano, Yasuhito and Ito, Tsuyoshi and Imai, Hiroshi and Toyoda, Masashi and Kitsuregawa, Masaru},
  booktitle={Advances in Web-Age Information Management},
  pages={37--46},
  year={2003},
  publisher={Springer}
}
@incollection{asano2008efficient,
  title={Efficient compression of web graphs},
  author={Asano, Yasuhito and Miyawaki, Yuya and Nishizeki, Takao},
  booktitle={Computing and Combinatorics},
  pages={1--11},
  year={2008},
  publisher={Springer}
}

@article{claude2010fast,
  title={Fast and compact Web graph representations},
  author={Claude, Francisco and Navarro, Gonzalo},
  journal={ACM Transactions on the Web (TWEB)},
  volume={4},
  number={4},
  pages={16},
  year={2010},
  publisher={ACM}
}


@misc{knudsen2014private,
  author        = {Dahlgaard, S{\o}ren and Knudsen, Mathias B{\ae}k Tejs and Rotbart, Noy},
  howpublished  = {private communication},
  year          = "2014"
}


@inproceedings{alstrup2002improved,
  title={Improved labeling scheme for ancestor queries},
  author={Alstrup, Stephen and Rauhe, Theis},
  booktitle={Proceedings of the thirteenth annual ACM-SIAM symposium on Discrete algorithms},
  pages={947--953},
  year={2002},
  organization={Society for Industrial and Applied Mathematics}
}

@article{waxman1988routing,
  title={Routing of multipoint connections},
  author={Waxman, Bernard M},
  journal={Selected Areas in Communications, IEEE Journal on},
  volume={6},
  number={9},
  pages={1617--1622},
  year={1988},
  publisher={IEEE}
}

@article{calvert1997modeling,
  title={Modeling internet topology},
  author={Calvert, Kenneth L and Doar, Matthew B and Zegura, Ellen W},
  journal={Communications Magazine, IEEE},
  volume={35},
  number={6},
  pages={160--163},
  year={1997},
  publisher={IEEE}
}


@book{chung2006complex,
  title={Complex Graphs and Networks},
  author={Chung, Fan RK and Lu, Linyuan},
  volume={107},
  year={2006},
  publisher={American mathematical society Providence}
}

@article{hareltarjan,
  author    = {Dov Harel and
               Robert Endre Tarjan},
  title     = {Fast Algorithms for Finding Nearest Common Ancestors},
  journal   = {SIAM Journal on Computing},
  volume    = {13},
  number    = {2},
  year      = {1984},
  pages     = {338-355},
  ee        = {http://dx.doi.org/10.1137/0213024},
  bibsource = {DBLP, http://dblp.uni-trier.de}
}


@phdthesis{Muller1988,
 author = {Muller, John Harold},
 title = {Local structure in graph classes},
 year = {1988},
 school = {Georgia Institute of Technology},
 note = {Order No: GAX88-11342},
 publisher = {Georgia Institute of Technology},
 address = {Atlanta, GA, USA},
} 

@book{Cormen01,
 author = {Cormen, Thomas H. and Stein, Clifford and Rivest, Ronald L. and Leiserson, Charles E.},
 title = {Introduction to Algorithms},
 year = {2001},
 isbn = {0070131511},
 edition = {2nd},
 publisher = {McGraw-Hill Higher Education},
} 

@incollection{abraham2011hub,
  title={A hub-based labeling algorithm for shortest paths in road networks},
  author={Abraham, Ittai and Delling, Daniel and Goldberg, Andrew V and Werneck, Renato F},
  booktitle={Experimental Algorithms},
  pages={230--241},
  year={2011},
  publisher={Springer}
}


@incollection{abraham2012hierarchical,
  title={Hierarchical hub labelings for shortest paths},
  author={Abraham, Ittai and Delling, Daniel and Goldberg, Andrew V and Werneck, Renato F},
  booktitle={Algorithms--ESA 2012},
  pages={24--35},
  year={2012},
  publisher={Springer}
}




@article{Breuer67,
author = {Melvin A. Breuer and John Folkman},
title = {{An unexpected result in coding the vertices of a graph}},
journal = {Journal of Mathematical Analysis and Applications},
volume = {20},
year = {1967},
pages = {583--600},
issue = {3},
doi = {10.1016/0022-247X(67)90082-0},
masid = {2080975}
}

@article{Peleg03,
 author = {Gavoille, Cyril and Peleg, David},
 title = {Compact and localized distributed data structures},
 journal = {Distrib. Comput.},
 issue_date = {September 2003},
 volume = {16},
 number = {2-3},
 month = sep,
 year = {2003},
 issn = {0178-2770},
 pages = {111--120},
 numpages = {10},
 url = {http://dx.doi.org/10.1007/s00446-002-0073-5},
 doi = {10.1007/s00446-002-0073-5},
 acmid = {966041},
 publisher = {Springer-Verlag},
 address = {London, UK, UK},
 keywords = {compact routing tables, distance labeling, informative labeling schemes},
} 


@inproceedings{Thorup01,
 author = {Thorup, Mikkel and Zwick, Uri},
 title = {Compact routing schemes},
 booktitle = {Proceedings of the thirteenth annual ACM symposium on Parallel algorithms and architectures},
 series = {SPAA '01},
 year = {2001},
 isbn = {1-58113-409-6},
 location = {Crete Island, Greece},
 pages = {1--10},
 numpages = {10},
 url = {http://doi.acm.org/10.1145/378580.378581},
 doi = {10.1145/378580.378581},
 acmid = {378581},
 publisher = {ACM},
 address = {New York, NY, USA},
} 


@article{arikati1997efficient,
  title={Efficient computation of implicit representations of sparse graphs},
  author={Arikati, Srinivasa R and Maheshwari, Anil and Zaroliagis, Christos D},
  journal={Discrete Applied Mathematics},
  volume={78},
  number={1},
  pages={1--16},
  year={1997},
  publisher={Elsevier}
}


@incollection{kowalik2006approximation,
  title={Approximation scheme for lowest outdegree orientation and graph density measures},
  author={Kowalik, {\L}ukasz},
  booktitle={Algorithms and computation},
  pages={557--566},
  year={2006},
  publisher={Springer}
}


@inproceedings{Alstrup02,
 author = {Alstrup, Stephen and Rauhe, Theis},
 title = {Small Induced-Universal Graphs and Compact Implicit Graph Representations},
 booktitle = {Proceedings of the 43rd Symposium on Foundations of Computer Science},
 series = {FOCS '02},
 year = {2002},
 isbn = {0-7695-1822-2},
 pages = {53--62},
 numpages = {10},
 url = {http://dl.acm.org/citation.cfm?id=645413.652151},
 acmid = {652151},
 publisher = {IEEE Computer Society},
 address = {Washington, DC, USA},
} 

@inproceedings{Kaplan01,
 author = {Abiteboul, Serge and Kaplan, Haim and Milo, Tova},
 title = {Compact labeling schemes for ancestor queries},
 booktitle = {Proceedings of the twelfth annual ACM-SIAM symposium on Discrete algorithms},
 series = {SODA '01},
 year = {2001},
 isbn = {0-89871-490-7},
 location = {Washington, D.C., United States},
 pages = {547--556},
 numpages = {10},
 url = {http://dl.acm.org/citation.cfm?id=365411.365529},
 acmid = {365529},
 publisher = {Society for Industrial and Applied Mathematics},
 address = {Philadelphia, PA, USA},
} 

@inproceedings{Green14,
 author = {Alstrup, Stephen and Bistrup Halvorsen, Esben and Green Larsen, Kasper},
 title = {Near-optimal labeling schemes for nearest common ancestors},
 booktitle = {Proceedings of the thirty first annual ACM-SIAM symposium on Discrete algorithms},
 series = {SODA '14},
 year = {2014},
} 


@article{BCLR,
	author = "Bhatt, Sandeep and Graham Chung, Fan Rong   and Leighton, Thomson and Rosenberg, Arnold",
	journal = "SIAM Journal on Discrete Mathematics",
	number = "2",
	pages = "145-155",
	title = "{Universal Graphs for Bounded-Degree Trees and Planar Graphs}",
	volume = "2",
	year = "1989"
}


@article{jordan1869assemblages,
  title={Sur les assemblages de lignes.},
  author={Jordan, Camille},
  journal={Journal f{\"u}r die reine und angewandte Mathematik},
  volume={70},
  pages={185--190},
  year={1869}
}


@article{alstrup2014adjacency,
  title={Adjacency labeling schemes and induced-universal graphs},
  author={Alstrup, Stephen and Kaplan, Haim and Thorup, Mikkel and Zwick, Uri},
  journal={To appear in the 47th symposium on Theory of computing (STOC)},
  year={2015}
}


@article{Alstrup05,
 author = {Alstrup, Stephen and Bille, Philip and Rauhe, Theis},
 title = {Labeling Schemes for Small Distances in Trees},
 journal = {SIAM J. Discret. Math.},
 issue_date = {2005},
 volume = {19},
 number = {2},
 month = jun,
 year = {2005},
 issn = {0895-4801},
 pages = {448--462},
 numpages = {15},
 url = {http://dx.doi.org/10.1137/S0895480103433409},
 doi = {10.1137/S0895480103433409},
 acmid = {1103459},
 publisher = {Society for Industrial and Applied Mathematics},
 address = {Philadelphia, PA, USA},
 keywords = {labeling schemes, trees},
} 



@article{Alstrup06,
 author = {Abiteboul, Serge and Alstrup, Stephen and Kaplan, Haim and Milo, Tova and Rauhe, Theis},
 title = {Compact Labeling Scheme for Ancestor Queries},
 journal = {SIAM J. Comput.},
 issue_date = {2006},
 volume = {35},
 number = {6},
 month = jun,
 year = {2006},
 issn = {0097-5397},
 pages = {1295--1309},
 numpages = {15},
 url = {http://dx.doi.org/10.1137/S0097539703437211},
 doi = {10.1137/S0097539703437211},
 acmid = {1122825},
 publisher = {Society for Industrial and Applied Mathematics},
 address = {Philadelphia, PA, USA},
 keywords = {alphabetic codes, ancestor queries, labeling algorithm, rooted tree},
} 



@INPROCEEDINGS{Kannan92,
    author = {Sampath Kannan and Moni Naor and Steven Rudich},
    title = {Implicit Representation of Graphs},
    booktitle = {SIAM Journal On Discrete Mathematics},
    year = {1992},
    pages = {334--343}
}



@inproceedings{Gavoille06,
 author = {Bonichon, Nicolas and Gavoille, Cyril and Labourel, Arnaud},
 title = {Short labels by traversal and jumping},
 booktitle = {Proceedings of the 13th international conference on Structural Information and Communication Complexity},
 series = {SIROCCO'06},
 year = {2006},
 isbn = {3-540-35474-3, 978-3-540-35474-1},
 location = {Chester, UK},
 pages = {143--156},
 numpages = {14},
 url = {http://dx.doi.org/10.1007/11780823_12},
 doi = {10.1007/11780823_12},
 acmid = {2097382},
 publisher = {Springer-Verlag},
 address = {Berlin, Heidelberg},
} 

@inproceedings{Korman10,
 author = {Fraigniaud, Pierre and Korman, Amos},
 title = {An optimal ancestry scheme and small universal posets},
 booktitle = {Proceedings of the 42nd ACM symposium on Theory of computing},
 series = {STOC '10},
 year = {2010},
 isbn = {978-1-4503-0050-6},
 location = {Cambridge, Massachusetts, USA},
 pages = {611--620},
 numpages = {10},
 url = {http://doi.acm.org/10.1145/1806689.1806773},
 doi = {10.1145/1806689.1806773},
 acmid = {1806773},
 publisher = {ACM},
 address = {New York, NY, USA},
 keywords = {XML, informative labeling schemes, partially ordered sets},
} 

@inproceedings{gabow,
 author = {Gabow, Harold N. and Bentley, Jon Louis and Tarjan, Robert E.},
 title = {Scaling and related techniques for geometry problems},
 booktitle = {Proceedings of the sixteenth annual ACM symposium on Theory of computing},
 series = {STOC '84},
 year = {1984},
 isbn = {0-89791-133-4},
 pages = {135--143},
 numpages = {9},
 url = {http://doi.acm.org/10.1145/800057.808675},
 doi = {10.1145/800057.808675},
 acmid = {808675},
 publisher = {ACM},
 address = {New York, NY, USA},
} 

@inproceedings{o2012scooter,
  title={SCOOTER: A Compact and Scalable Dynamic Labeling Scheme for XML Updates},
  author={OConnor, Martin F and Roantree, Mark},
  booktitle={Database and Expert Systems Applications},
  pages={26--40},
  year={2012},
  organization={Springer}
}

@inproceedings{ghaleb2013novel,
  title={Novel scheme for labeling XML trees based on bits-masking and logical matching},
  author={Ghaleb, Taher Ahmed and Mohammed, Salahadin},
  booktitle={Computer and Information Technology (WCCIT), 2013 World Congress on},
  pages={1--5},
  year={2013},
  organization={IEEE}
}




@inproceedings{kaplan2002comparison,
  title={A comparison of labeling schemes for ancestor queries},
  author={Kaplan, Haim and Milo, Tova and Shabo, Ronen},
  booktitle={Proceedings of the thirteenth annual ACM-SIAM symposium on Discrete algorithms},
  pages={954--963},
  year={2002},
  organization={Society for Industrial and Applied Mathematics}
}

@article{cohen2003reachability,
  title={Reachability and distance queries via 2-hop labels},
  author={Cohen, Edith and Halperin, Eran and Kaplan, Haim and Zwick, Uri},
  journal={SIAM J. Comp.},
  volume={32},
  number={5},
  pages={1338--1355},
  year={2003},
  publisher={SIAM}
}



@INPROCEEDINGS{Alstrup02NCA,
    author = {Stephen Alstrup and Cyril Gavoille and Haim Kaplan and Theis Rauhe},
    title = {Nearest Common Ancestors: A survey and a new distributed algorithm},
     booktitle={Proceedings of the fourteenth annual ACM symposium on Parallel algorithms and architectures},
    year = {2002},
    pages = {258--264},
    publisher = {ACM PRESS}
}


@article{abraham2010hub,
  title={A Hub-Based Labeling Algorithm for Shortest Paths on Road Networks},
  author={Abraham, Ittai and Delling, Daniel and Goldberg, Andrew V and Werneck, Renato F},
  year={2010}
}

@incollection{abraham2012hierarchical,
  title={Hierarchical hub labelings for shortest paths},
  author={Abraham, Ittai and Delling, Daniel and Goldberg, Andrew V and Werneck, Renato F},
  booktitle={ESA 2012},
  pages={24--35},
  year={2012},
  publisher={Springer}
}




@inproceedings{dist-trees03,
 author = {Alstrup, Stephen and Bille, Philip and Rauhe, Theis},
 title = {Labeling schemes for small distances in trees},
 booktitle = {Proceedings of the fourteenth annual ACM-SIAM symposium on Discrete algorithms},
 series = {SODA '03},
 year = {2003},
 isbn = {0-89871-538-5},
 location = {Baltimore, Maryland},
 pages = {689--698},
 numpages = {10},
 url = {http://dl.acm.org/citation.cfm?id=644108.644220},
 acmid = {644220},
 publisher = {Society for Industrial and Applied Mathematics},
 address = {Philadelphia, PA, USA},
} 


@inproceedings{Milo01,
 author = {Kaplan, Haim and Milo, Tova},
 title = {Short and Simple Labels for Small Distances and Other Functions},
 booktitle = {Proceedings of the 7th International Workshop on Algorithms and Data Structures},
 series = {WADS '01},
 year = {2001},
 isbn = {3-540-42423-7},
 pages = {246--257},
 numpages = {12},
 url = {http://dl.acm.org/citation.cfm?id=645933.673351},
 acmid = {673351},
 publisher = {Springer-Verlag},
 address = {London, UK, UK},
} 


@article{Weimann11,
 author = {Weimann, Oren and Peleg, David},
 title = {A note on exact distance labeling},
 journal = {Inf. Process. Lett.},
 issue_date = {July, 2011},
 volume = {111},
 number = {14},
 month = jul,
 year = {2011},
 issn = {0020-0190},
 pages = {671--673},
 numpages = {3},
 url = {http://dx.doi.org/10.1016/j.ipl.2011.04.006},
 doi = {10.1016/j.ipl.2011.04.006},
 acmid = {1988561},
 publisher = {Elsevier North-Holland, Inc.},
 address = {Amsterdam, The Netherlands, The Netherlands},
 keywords = {Distributed systems, Graph algorithms, Labeling schemes, Shortest paths},
} 



@article{afek1996local,
  title={Local management of a global resource in a communication network},
  author={Afek, Yehuda and Awerbuch, Baruch and Plotkin, Serge and Saks, Michael},
  journal={JACM},
  volume={43},
  number={1},
  pages={1--19},
  year={1996},
  publisher={ACM}
}







@article {Peleg00,
author = {Peleg, David},
title = {Proximity-preserving labeling schemes},
journal = {Journal of Graph Theory},
volume = {33},
number = {3},
publisher = {John Wiley & Sons, Inc.},
issn = {1097-0118},
url = {http://dx.doi.org/10.1002/(SICI)1097-0118(200003)33:3<167::AID-JGT7>3.0.CO;2-5},
doi = {10.1002/(SICI)1097-0118(200003)33:3<167::AID-JGT7>3.0.CO;2-5},
pages = {167--176},
keywords = {labeling schemes, approximate-distance, graph representations},
year = {2000},
}


@inproceedings{Gavoille2001,
 author = {Gavoille, Cyril and Peleg, David and P{\'e}rennes, St{\'e}phane and Raz, Ran},
 title = {Distance labeling in graphs},
 booktitle = {Proceedings of the twelfth annual ACM-SIAM symposium on Discrete algorithms},
 series = {SODA '01},
 year = {2001},
 isbn = {0-89871-490-7},
 location = {Washington, D.C., United States},
 pages = {210--219},
 numpages = {10},
 url = {http://dl.acm.org/citation.cfm?id=365411.365447},
 acmid = {365447},
 publisher = {Society for Industrial and Applied Mathematics},
 address = {Philadelphia, PA, USA},
} 

@article{gavoillea2004distance,
  title={Distance labeling in graphs},
  author={Gavoille, Cyril and Peleg, David and P{\'e}rennesc, St{\'e}phane and Razb, Ran},
  journal={Journal of Algorithms},
  volume={53},
  pages={85--112},
  year={2004}
}




@incollection{blin2010fast,
  title={Fast Self-Stabilizing Minimum Spanning Tree Construction},
  author={Blin, L{\'e}lia and Dolev, Shlomi and Potop-Butucaru, Maria Gradinariu and Rovedakis, Stephane},
  booktitle={Distributed Computing},
  pages={480--494},
  year={2010},
  publisher={Springer}
}




@inproceedings{caminiti2009informative,
  title={Informative Labeling Schemes for the Least Common Ancestor Problem.},
  author={Caminiti, Saverio and Finocchi, Irene and Petreschi, Rossella},
  booktitle={ICTCS},
  pages={66--70},
  year={2009}
}


@article{cohen2010labeling,
  title={Labeling dynamic XML trees},
  author={Cohen, Edith and Kaplan, Haim and Milo, Tova},
  journal={SIAM Journal on Computing},
  volume={39},
  number={5},
  pages={2048--2074},
  year={2010},
  publisher={SIAM}
}



@inproceedings{Cohen02,
 author = {Cohen, Edith and Kaplan, Haim and Milo, Tova},
 title = {Labeling dynamic XML trees},
 booktitle = {Proceedings of the twenty-first ACM SIGMOD-SIGACT-SIGART symposium on Principles of database systems},
 series = {PODS '02},
 year = {2002},
 isbn = {1-58113-507-6},
 location = {Madison, Wisconsin},
 pages = {271--281},
 numpages = {11},
 url = {http://doi.acm.org/10.1145/543613.543648},
 doi = {10.1145/543613.543648},
 acmid = {543648},
 publisher = {ACM},
 address = {New York, NY, USA},
} 


@article{cohen10journal,
  title={Labeling dynamic XML trees},
  author={Cohen, Edith and Kaplan, Haim and Milo, Tova},
  journal={SIAM Journal on Computing},
  volume={39},
  number={5},
  pages={2048--2074},
  year={2010},
  publisher={SIAM}
}


@article{Tarjan84,
 author = {Harel, Dov and Tarjan, Robert Endre},
 title = {Fast algorithms for finding nearest common ancestors},
 journal = {SIAM J. Comput.},
 issue_date = {May 1984},
 volume = {13},
 number = {2},
 month = may,
 year = {1984},
 issn = {0097-5397},
 pages = {338--355},
 numpages = {18},
 url = {http://dx.doi.org/10.1137/0213024},
 doi = {10.1137/0213024},
 acmid = {411},
 publisher = {Society for Industrial and Applied Mathematics},
 address = {Philadelphia, PA, USA},
} 

@article{clauset2009power,
  title={Power-law distributions in empirical data},
  author={Clauset, Aaron and Shalizi, Cosma Rohilla and Newman, Mark EJ},
  journal={SIAM review},
  volume={51},
  number={4},
  pages={661--703},
  year={2009},
  publisher={SIAM}
}


@article{hakimi1962realizability,
  title={On realizability of a set of integers as degrees of the vertices of a linear graph. I},
  author={Hakimi, S Louis},
  journal={Journal of the Society for Industrial \& Applied Mathematics},
  volume={10},
  number={3},
  pages={496--506},
  year={1962},
  publisher={SIAM}
}


@inproceedings{GavoilleCon02,
    author  = {Gavoille, Cyril},
    title   = {Nearest common ancestors: A survey and a new distributed algorithm},
    publisher = {Presented at the SPAA 02, Winnipeg Canada},
    year    = {2002}
}


@INPROCEEDINGS{Fraigniaud01,
    author = {Pierre Fraigniaud and Cyril Gavoille},
    title = {Routing in Trees},
    booktitle = {IN 28 TH INTERNATIONAL COLLOQUIUM ON AUTOMATA, LANGUAGES AND PROGRAMMING (ICALP},
    year = {2001},
    pages = {757--772},
    publisher = {Springer}
}



@inproceedings{gavoille96,
  title={Memory requirement for routing in distributed networks},
  author={Gavoille, Cyril and P{\'e}renn{\`e}s, St{\'e}phane},
  booktitle={Proceedings of the fifteenth annual ACM symposium on Principles of distributed computing},
  pages={125--133},
  year={1996},
  organization={ACM}
}

@inproceedings{chechik2013compact,
  title={Compact routing schemes with improved stretch},
  author={Chechik, Shiri},
  booktitle={Proceedings of the 2013 ACM symposium on Principles of distributed computing},
  pages={33--41},
  year={2013},
  organization={ACM}
}



@incollection{Dom07,
year={2007},
isbn={978-3-540-74990-5},
booktitle={Algorithms for Sensor and Ad Hoc Networks},
volume={4621},
series={Lecture Notes in Computer Science},
editor={Wagner, Dorothea and Wattenhofer, Roger},
doi={10.1007/978-3-540-74991-2_10},
title={Compact Routing},
url={http://dx.doi.org/10.1007/978-3-540-74991-2_10},
publisher={Springer Berlin Heidelberg},
author={Dom, Michael},
pages={187-202}
}

@MISC{Fraigniaud01aspace,
    author = {Pierre Fraigniaud  and Cyril Gavoille},
    title = {A Space Lower Bound for Routing in Trees},
    year = {2001}
}



@article{LAING07,
author = {Laing, Kofie A. and Rajaraman, Ramjohan},
title = {A space lower bound for the name-independent compact routing in trees},
journal = {Journal of Interconnection Networks},
volume = {08},
number = {03},
pages = {229-251},
year = {2007},
doi = {10.1142/S0219265907002004},

URL = {http://www.worldscientific.com/doi/abs/10.1142/S0219265907002004},
eprint = {http://www.worldscientific.com/doi/pdf/10.1142/S0219265907002004}
}

@incollection{fraigniaud2002space,
  title={A space lower bound for routing in trees},
  author={Fraigniaud, Pierre and Gavoille, Cyril},
  booktitle={STACS 2002},
  pages={65--75},
  year={2002},
  publisher={Springer}
}


@inproceedings{abraham2004compact,
  title={Compact name-independent routing with minimum stretch},
  author={Abraham, Ittai and Gavoille, Cyril and Malkhi, Dahlia and Nisan, Noam and Thorup, Mikkel},
  booktitle={Proceedings of the sixteenth annual ACM symposium on Parallelism in algorithms and architectures},
  pages={20--24},
  year={2004},
  organization={ACM}
}


@article{gavoille2001space,
  title={Space-efficiency for routing schemes of stretch factor three},
  author={Gavoille, Cyril and Gengler, Marc},
  journal={Journal of Parallel and Distributed Computing},
  volume={61},
  number={5},
  pages={679--687},
  year={2001},
  publisher={Elsevier}
}

@article{gavoille2001routing,
  title={Routing in distributed networks: Overview and open problems},
  author={Gavoille, Cyril},
  journal={ACM SIGACT News},
  volume={32},
  number={1},
  pages={36--52},
  year={2001},
  publisher={ACM}
}


@article{Rodeh10,
 author = {Korman, Amos and Peleg, David and Rodeh, Yoav},
 title = {Constructing Labeling Schemes through Universal Matrices},
 journal = {Algorithmica},
 issue_date = {August 2010},
 volume = {57},
 number = {4},
 month = aug,
 year = {2010},
 issn = {0178-4617},
 pages = {641--652},
 numpages = {12},
 url = {http://dx.doi.org/10.1007/s00453-008-9226-7},
 doi = {10.1007/s00453-008-9226-7},
 acmid = {1773436},
 publisher = {Springer-Verlag New York, Inc.},
 address = {Secaucus, NJ, USA},
 keywords = {Adjacency, Distance, Universal matrices},
} 

@incollection{peleg2000informative,
  title={Informative labeling schemes for graphs},
  author={Peleg, David},
  booktitle={Mathematical Foundations of Computer Science 2000},
  pages={579--588},
  year={2000},
  publisher={Springer}
}

@article{Peleg05,
 author = {Peleg, David},
 title = {Informative labeling schemes for graphs},
 journal = {Theor. Comput. Sci.},
 issue_date = {31 August 2005},
 volume = {340},
 number = {3},
 month = aug,
 year = {2005},
 issn = {0304-3975},
 pages = {577--593},
 numpages = {17},
 url = {http://dx.doi.org/10.1016/j.tcs.2005.03.015},
 doi = {10.1016/j.tcs.2005.03.015},
 acmid = {1195977},
 publisher = {Elsevier Science Publishers Ltd.},
 address = {Essex, UK},
} 

@inproceedings{Fischer09,
  author    = {Johannes Fischer},
  title     = {Short Labels for Lowest Common Ancestors in Trees},
  booktitle = {ESA},
  year      = {2009},
  pages     = {752-763},
  ee        = {http://dx.doi.org/10.1007/978-3-642-04128-0_67},
}


@inproceedings{Katz02,
 author = {Katz, Michal and Katz, Nir A. and Korman, Amos and Peleg, David},
 title = {Labeling schemes for flow and connectivity},
 booktitle = {Proceedings of the thirteenth annual ACM-SIAM symposium on Discrete algorithms},
 series = {SODA '02},
 year = {2002},
 isbn = {0-89871-513-X},
 location = {San Francisco, California},
 pages = {927--936},
 numpages = {10},
 url = {http://dl.acm.org/citation.cfm?id=545381.545502},
 acmid = {545502},
 publisher = {Society for Industrial and Applied Mathematics},
 address = {Philadelphia, PA, USA},
} 

@article{katz2004labeling,
  title={Labeling schemes for flow and connectivity},
  author={Katz, Michal and Katz, Nir A and Korman, Amos and Peleg, David},
  journal={SIAM Journal on Computing},
  volume={34},
  number={1},
  pages={23--40},
  year={2004},
  publisher={SIAM}
}



@MISC{Katz00,
    author = {Cyril Gavoille and Michal Katz and Nir A. Katz and Christophe Paul and David Peleg},
    title = {Approximate Distance Labeling Schemes (Extended Abstract)},
    year = {2000}
}


@inproceedings{fraigniaud2009,
  title={On randomized representations of graphs using short labels},
  author={Fraigniaud, Pierre and Korman, Amos},
  booktitle={Proceedings of the twenty-first annual symposium on Parallelism in algorithms and architectures},
  pages={131--137},
  year={2009},
  organization={ACM}
}

@inproceedings{Korman07K,
 author = {Korman, Amos and Kutten, Shay},
 title = {Labeling schemes with queries},
 booktitle = {Proceedings of the 14th international conference on Structural information and communication complexity},
 series = {SIROCCO'07},
 year = {2007},
 isbn = {978-3-540-72918-1},
 location = {Castiglioncello, LI, Italy},
 pages = {109--123},
 numpages = {15},
 url = {http://dl.acm.org/citation.cfm?id=1760631.1760645},
 acmid = {1760645},
 publisher = {Springer-Verlag},
 address = {Berlin, Heidelberg},
 keywords = {distance queries, labeling schemes, routing schemes},
} 


@article{Kano07,
title = "Average case analysis for tree labelling schemes",
journal = "Theoretical Computer Science",
volume = "378",
number = "3",
pages = "271 - 291",
year = "2007",
note = "Algorithms and Computation",
issn = "0304-3975",
doi = "10.1016/j.tcs.2007.02.066",
url = "http://www.sciencedirect.com/science/article/pii/S0304397507001260",
author = "Ming-Yang Kao and Xiang-Yang Li and Weizhao Wang",
keywords = "Tree labelling",
keywords = "Average case analysis",
keywords = "Separator"
}

@article{chung2004average,
  title={The average distance in a random graph with given expected degrees},
  author={Chung, Fan and Lu, Linyuan},
  journal={Internet Mathematics},
  volume={1},
  number={1},
  pages={91--113},
  year={2004},
  publisher={Taylor \& Francis}
}

@incollection{lewenstein2013succinct,
  title={Succinct data structures for representing equivalence classes},
  author={Lewenstein, Moshe and Munro, J Ian and Raman, Venkatesh},
  booktitle={Algorithms and Computation},
  pages={502--512},
  year={2013},
  publisher={Springer}
}

@INPROCEEDINGS{Fraigniaud10,
    author = {Pierre Fraigniaud and Amos Korman},
    title = {Compact Ancestry Labeling Schemes for XML Trees},
    booktitle = {In Proc. 21st ACM-SIAM Symp. on Discrete Algorithms (SODA},
    year = {2010}
}

@incollection{korman2007compact,
  title={Compact separator decompositions in dynamic trees and applications to labeling schemes},
  author={Korman, Amos and Peleg, David},
  booktitle={Distributed Computing},
  pages={313--327},
  year={2007},
  publisher={Springer}
}



@article{gavoille07,
  title={Distributed relationship schemes for trees},
  author={Gavoille, Cyril and Labourel, Arnaud},
  journal={Algorithms and Computation},
  pages={728--738},
  year={2007},
  publisher={Springer}
}


@article{Paul01,
  title={Split decomposition and distance labelling: an optimal scheme for distance hereditary graphs},
  author={Gavoille, Cyril and Paul, Christophe},
  journal={Electronic Notes in Discrete Mathematics},
  volume={10},
  pages={117--120},
  year={2001},
  publisher={Elsevier}
}

@incollection{lu2013xml,
  title={XML Labeling Scheme},
  author={Lu, Jiaheng},
  booktitle={An Introduction to XML Query Processing and Keyword Search},
  pages={9--32},
  year={2013},
  publisher={Springer}
}


@article{harder2007node,
  title={Node labeling schemes for dynamic XML documents reconsidered},
  author={H{\"a}rder, Theo and Haustein, Michael and Mathis, Christian and Wagner, Markus},
  journal={Data \& Knowledge Engineering},
  volume={60},
  number={1},
  pages={126--149},
  year={2007},
  publisher={Elsevier}
}

@inproceedings{xu2009dde,
  title={DDE: from dewey to a fully dynamic XML labeling scheme},
  author={Xu, Liang and Ling, Tok Wang and Wu, Huayu and Bao, Zhifeng},
  booktitle={Proceedings of the 2009 ACM SIGMOD International Conference on Management of data},
  pages={719--730},
  year={2009},
  organization={ACM}
}

@inproceedings{lu2005region,
  title={From region encoding to extended dewey: on efficient processing of XML twig pattern matching},
  author={Lu, Jiaheng and Ling, Tok Wang and Chan, Chee-Yong and Chen, Ting},
  booktitle={Proceedings of the 31st international conference on Very large data bases},
  pages={193--204},
  year={2005},
  organization={VLDB Endowment}
}


@inproceedings{o2004ordpaths,
  title={ORDPATHs: insert-friendly XML node labels},
  author={O'Neil, Patrick and O'Neil, Elizabeth and Pal, Shankar and Cseri, Istvan and Schaller, Gideon and Westbury, Nigel},
  booktitle={Proceedings of the 2004 ACM SIGMOD international conference on Management of data},
  pages={903--908},
  year={2004},
  organization={ACM}
}

@inproceedings{li2005qed,
  title={QED: a novel quaternary encoding to completely avoid re-labeling in XML updates},
  author={Li, Changqing and Ling, Tok Wang},
  booktitle={Proceedings of the 14th ACM international conference on Information and knowledge management},
  pages={501--508},
  year={2005},
  organization={ACM}
}

@inproceedings{wu2004prime,
  title={A prime number labeling scheme for dynamic ordered XML trees},
  author={Wu, Xiaodong and Lee, Mong Li and Hsu, Wynne},
  booktitle={Data Engineering, 2004. Proceedings. 20th International Conference on},
  pages={66--78},
  year={2004},
  organization={IEEE}
}


@inproceedings{krioukov2004compact,
  title={Compact routing on Internet-like graphs},
  author={Krioukov, Dmitri and Fall, Kevin and Yang, Xiaowei},
  booktitle={INFOCOM 2004. Twenty-third AnnualJoint Conference of the IEEE Computer and Communications Societies},
  volume={1},
  year={2004},
  organization={IEEE}
}

@inproceedings{abraham2006routing,
  title={Routing in networks with low doubling dimension},
  author={Abraham, Ittai and Gavoille, Cyril and Goldberg, Andrew V and Malkhi, Dahlia},
  booktitle={Distributed Computing Systems, 2006. ICDCS 2006. 26th IEEE International Conference on},
  pages={75--75},
  year={2006},
  organization={IEEE}
}

@inproceedings{abraham2005name,
  title={Name independent routing for growth bounded networks},
  author={Abraham, Ittai and Malkhi, Dahlia},
  booktitle={Proceedings of the seventeenth annual ACM symposium on Parallelism in algorithms and architectures},
  pages={49--55},
  year={2005},
  organization={ACM}
}

@article{rado1964universal,
  title={Universal graphs and universal functions},
  author={Rado, Richard},
  journal={Acta Arithmetica},
  volume={9},
  number={4},
  pages={331--340},
  year={1964},
  publisher={Institute of Mathematics Polish Academy of Sciences}
}

@inproceedings{aho,
 author = {Alfred V. Aho and John E. Hopcroft and Jeffrey D. Ullman},
 title = {On finding lowest common ancestors in trees},
 booktitle = {Proceedings of the fifth annual ACM symposium on Theory of computing},
 series = {STOC '73},
 year = {1973},
 location = {Austin, Texas, USA},
 pages = {253--265},
 numpages = {13},
 url = {http://doi.acm.org/10.1145/800125.804056},
 doi = {10.1145/800125.804056},
 acmid = {804056},
 publisher = {ACM},
 address = {New York, NY, USA},
} 


@book{cover2012elements,
  title={Elements of information theory},
  author={Cover, Thomas M and Thomas, Joy A},
  year={2012},
  publisher={John Wiley \& Sons}
}

@incollection{gavoille2007shorter,
  title={Shorter implicit representation for planar graphs and bounded treewidth graphs},
  author={Gavoille, Cyril and Labourel, Arnaud},
  booktitle={Algorithms--ESA 2007},
  pages={582--593},
  year={2007},
  publisher={Springer}
}

@MastersThesis{Esben13,
    author     =     { Bistrup Halvorsen, Esben},
    title     =     {{Graph labeling schemes}},
    school     =     {University of Copenhagen},
    address     =     {Universitetsparken 5, Copenhagen},
    year     =     {2013},
    }

@incollection{adjiashvili2014labeling,
  title={Labeling schemes for bounded degree graphs},
  author={Adjiashvili, David and Rotbart, Noy},
  booktitle={Automata, Languages, and Programming},
  pages={375--386},
  year={2014},
  publisher={Springer}
}


@article{nash1961edge,
  title={Edge-disjoint spanning trees of finite graphs},
  author={Nash-Williams, Crispin},
  journal={Journal of the London Mathematical Society},
  volume={1},
  number={1},
  pages={445--450},
  year={1961},
  publisher={Oxford University Press}
}

@article{chung1990universal,
  title={Universal graphs and induced-universal graphs},
  author={Graham Chung, Fan Rong},
  journal={Journal of Graph Theory},
  volume={14},
  number={4},
  pages={443--454},
  year={1990},
  publisher={Wiley Online Library}
}

@article{lipton1979separator,
  title={A separator theorem for planar graphs},
  author={Lipton, Richard J and Tarjan, Robert Endre},
  journal={SIAM Journal on Applied Mathematics},
  volume={36},
  number={2},
  pages={177--189},
  year={1979},
  publisher={SIAM}
}




@article{krioukov2007compact,
  title={On compact routing for the Internet},
  author={Krioukov, Dmitri and Fall, Kevin and Brady, Arthur and others},
  journal={ACM SIGCOMM Computer Communication Review},
  volume={37},
  number={3},
  pages={41--52},
  year={2007},
  publisher={ACM}
}


@book{chung1989separator,
  title={Separator theorems and their applications},
  author={Chung, Fan RK},
  year={1989},
  publisher={Forschungsinst. f{\"u}r Diskrete Mathematik}
}

@inproceedings{peleg1999proximity,
  title={Proximity-preserving labeling schemes and their applications},
  author={Peleg, David},
  booktitle={Graph-Theoretic Concepts in Computer Science},
  pages={30--41},
  year={1999},
  organization={Springer}
}


@incollection{Korman03,
year={2003},
isbn={978-3-540-40493-4},
booktitle={Automata, Languages and Programming},
volume={2719},
series={Lecture Notes in Computer Science},
editor={Baeten, JosC.M. and Lenstra, JanKarel and Parrow, Joachim and Woeginger, GerhardJ.},
doi={10.1007/3-540-45061-0_31},
title={Labeling Schemes for Weighted Dynamic Trees},
url={http://dx.doi.org/10.1007/3-540-45061-0_31},
publisher={Springer Berlin Heidelberg},
author={Korman, Amos and Peleg, David},
pages={369-383},
language={English}
}


@article{Korman07,
 author = {Korman, Amos and Peleg, David},
 title = {Labeling schemes for weighted dynamic trees},
 journal = {Inf. Comput.},
 issue_date = {December, 2007},
 volume = {205},
 number = {12},
 month = dec,
 year = {2007},
 issn = {0890-5401},
 pages = {1721--1740},
 numpages = {20},
 url = {http://dx.doi.org/10.1016/j.ic.2007.08.004},
 doi = {10.1016/j.ic.2007.08.004},
 acmid = {1314769},
 publisher = {Academic Press, Inc.},
 address = {Duluth, MN, USA},
 keywords = {Approximate distances, Distance labeling schemes, Distributed computing, Dynamic graphs},
} 

@article{korman2002labeling,
  title={Labeling schemes for dynamic tree networks},
  author={Korman, Amos and Peleg, David and Rodeh, Yoav},
  journal={STACS 2002},
  pages={76--87},
  year={2002},
  publisher={Springer Berlin Heidelberg}
}


@article{korman2003labeling,
  title={Labeling schemes for weighted dynamic trees},
  author={Korman, Amos and Peleg, David},
  journal={Automata, Languages and Programming},
  pages={369--383},
  year={2003},
  publisher={Springer Berlin Heidelberg}
}


@article{korman2004labeling,
  title={Labeling schemes for dynamic tree networks},
  author={Korman, Amos and Peleg, David and Rodeh, Yoav},
  journal={Theory of Computing Systems},
  volume={37},
  number={1},
  pages={49--75},
  year={2004},
  publisher={Springer-Verlag}
}

@article{korman2005general,
  title={General compact labeling schemes for dynamic trees},
  author={Korman, Amos},
  journal={Distributed Computing},
  pages={457--471},
  year={2005},
  publisher={Springer Berlin Heidelberg}
}


@article{korman2006dynamic,
  title={Dynamic routing schemes for general graphs},
  author={Korman, Amos and Peleg, David},
  journal={Automata, Languages and Programming},
  pages={619--630},
  year={2006},
  publisher={Springer Berlin Heidelberg}
}

@article{korman2007labeling,
  title={Labeling schemes for weighted dynamic trees},
  author={Korman, Amos and Peleg, David},
  journal={Information and Computation},
  volume={205},
  number={12},
  pages={1721--1740},
  year={2007},
  publisher={Academic Press}
}


@article{Alon2002universal,
 author = {Alon, Noga and Asodi, Vera},
 title = {Sparse Universal Graphs},
 journal = {J. Comput. Appl. Math.},
 issue_date = {1 May 2002},
 volume = {142},
 number = {1},
 month = may,
 year = {2002},
 issn = {0377-0427},
 pages = {1--11},
 numpages = {11},
 url = {http://dx.doi.org/10.1016/S0377-0427(01)00455-1},
 doi = {10.1016/S0377-0427(01)00455-1},
 acmid = {586797},
 publisher = {Elsevier Science Publishers B. V.},
 address = {Amsterdam, The Netherlands, The Netherlands},
} 



@article{korman2007general,
  title={General compact labeling schemes for dynamic trees},
  author={Korman, Amos},
  journal={Distributed Computing},
  volume={20},
  number={3},
  pages={179--193},
  year={2007},
  publisher={Springer-Verlag}
}

@inproceedings{moon1965minimal,
  title={On minimal n-universal graphs},
  author={Moon, JW},
  booktitle={Proceedings of the Glasgow Mathematical Association},
  volume={7},
  number={01},
  pages={32--33},
  year={1965},
  organization={Cambridge University Press}
}


@article{babai1982graphs,
  title={On graphs which contain all sparse graphs},
  author={Babai, Laszlo and Chung, Fan RK and Erd\"{o}s, P{\'a}l and Graham, Ronald L and Spencer, J},
  journal={Ann. Discrete Math},
  volume={12},
  pages={21--26},
  year={1982}
}

@article{barabasi1999emergence,
  title={Emergence of scaling in random networks},
  author={Barab{\'a}si, Albert-L{\'a}szl{\'o} and Albert, R{\'e}ka},
  journal={Science},
  volume={286},
  number={5439},
  pages={509--512},
  year={1999},
  publisher={American Association for the Advancement of Science}
}

@inproceedings{goel2006bounded,
  title={Bounded arboricity to determine the local structure of sparse graphs},
  author={Goel, Gaurav and Gustedt, Jens},
  booktitle={Graph-Theoretic Concepts in Computer Science},
  pages={159--167},
  year={2006},
  organization={Springer}
}

@incollection{caminiti2008engineering,
  title={Engineering tree labeling schemes: A case study on least common ancestors},
  author={Caminiti, Saverio and Finocchi, Irene and Petreschi, Rossella},
  booktitle={Algorithms-ESA 2008},
  pages={234--245},
  year={2008},
  publisher={Springer}
}

@incollection{fischer2009short,
  title={Short labels for lowest common ancestors in trees},
  author={Fischer, Johannes},
  booktitle={Algorithms-ESA 2009},
  pages={752--763},
  year={2009},
  publisher={Springer}
}

@incollection{rotbart2014evaluation,
  title={An evaluation of dynamic labeling schemes for tree networks},
  author={Rotbart, Noy and Salles, Marcos Vaz and Zotos, Iasonas},
  booktitle={Experimental Algorithms},
  pages={199--210},
  year={2014},
  publisher={Springer}
}

@article{aiello2001random,
  title={A random graph model for power law graphs},
  author={Aiello, William and Chung, Fan and Lu, Linyuan},
  journal={Experimental Mathematics},
  volume={10},
  number={1},
  pages={53--66},
  year={2001},
  publisher={Taylor \& Francis}
}

@article{mitzenmacher2004brief,
  title={A brief history of generative models for power law and lognormal distributions},
  author={Mitzenmacher, Michael},
  journal={Internet Mathematics},
  volume={1},
  number={2},
  pages={226--251},
  year={2004},
  publisher={Taylor \& Francis}
}

@book{easley2010networks,
  title={Networks, crowds, and markets: Reasoning about a highly connected world},
  author={Easley, David and Kleinberg, Jon},
  year={2010},
  publisher={Cambridge University Press}
}

@article{bollobas2003mathematical,
  title={Mathematical results on scale-free random graphs},
  author={Bollob{\'a}s, B{\'e}la and Riordan, Oliver M},
  journal={Handbook of graphs and networks: from the genome to the internet},
  pages={1--34},
  year={2003},
  publisher={Weinheim: Wiley-VCH}
}

@article{bollobas1980probabilistic,
  title={A probabilistic proof of an asymptotic formula for the number of labelled regular graphs},
  author={Bollob{\'a}s, B{\'e}la},
  journal={European Journal of Combinatorics},
  volume={1},
  number={4},
  pages={311--316},
  year={1980},
  publisher={Elsevier}
}

@article{chung2003eigenvalues,
  title={Eigenvalues of random power law graphs},
  author={Chung, Fan and Lu, Linyuan and Vu, Van},
  journal={Annals of Combinatorics},
  volume={7},
  number={1},
  pages={21--33},
  year={2003},
  publisher={Springer}
}



@inproceedings{korman2008improved,
  title={Improved compact routing schemes for dynamic trees},
  author={Korman, Amos},
  booktitle={PODC '08},
  pages={185--194},
  year={2008},
  organization={ACM},
}


@article{albert1999internet,
  title={Diameter of the world-wide web},
  author={Albert, R{\'e}ka and Jeong, Hawoong and Barab{\'a}si, Albert-L{\'a}szl{\'o}},
  journal={Nature},
  volume={401},
  number={6749},
  pages={130--131},
  year={1999},
  publisher={Nature Publishing Group}
}

@article{leskovec2009community,
  title={Community structure in large networks: Natural cluster sizes and the absence of large well-defined clusters},
  author={Leskovec, Jure and Lang, Kevin J and Dasgupta, Anirban and Mahoney, Michael W},
  journal={Internet Mathematics},
  volume={6},
  number={1},
  pages={29--123},
  year={2009},
  publisher={Taylor \& Francis}
}

@MISC{newman,
  author = {Mark Newman},
  title = {{Network data}},
  howpublished = "\url{http://www-personal.umich.edu/~mejn/netdata/}",
  year = {2013}, 
  note = "[Online; accessed 02-Jan-2015]"
}

@inproceedings{leskovec2005graphs,
  title={Graphs over time: densification laws, shrinking diameters and possible explanations},
  author={Leskovec, Jure and Kleinberg, Jon and Faloutsos, Christos},
  booktitle={Proceedings of the eleventh ACM SIGKDD international conference on Knowledge discovery in data mining},
  pages={177--187},
  year={2005},
  organization={ACM}
}

@inproceedings{DBLP:conf/podc/AkellaCKS03,
  author    = {Aditya Akella and
               Shuchi Chawla and
               Arvind Kannan and
               Srinivasan Seshan},
  title     = {Scaling properties of the Internet graph},
  booktitle = {Proceedings of the Twenty-Second {ACM} Symposium on Principles of
               Distributed Computing, {PODC} 2003},
  pages     = {337--346},
  year      = {2003},
  url       = {http://doi.acm.org/10.1145/872035.872087},
  doi       = {10.1145/872035.872087},
  timestamp = {Wed, 23 May 2012 14:26:09 +0200},
  biburl    = {http://dblp.uni-trier.de/rec/bib/conf/podc/AkellaCKS03},
  bibsource = {dblp computer science bibliography, http://dblp.org}
}

@inproceedings{DBLP:conf/podc/DuchonEH07,
  author    = {Philippe Duchon and
               Nicole Eggemann and
               Nicolas Hanusse},
  title     = {Non-searchability of random scale-free graphs},
  booktitle = {Proceedings of the Twenty-Sixth Annual {ACM} Symposium on Principles
               of Distributed Computing, {PODC} 2007},
  pages     = {380--381},
  year      = {2007},
  url       = {http://doi.acm.org/10.1145/1281100.1281183},
  doi       = {10.1145/1281100.1281183},
  timestamp = {Wed, 23 May 2012 14:26:11 +0200},
  biburl    = {http://dblp.uni-trier.de/rec/bib/conf/podc/DuchonEH07},
  bibsource = {dblp computer science bibliography, http://dblp.org}
}

@inproceedings{DBLP:conf/podc/FraigniaudG09,
  author    = {Pierre Fraigniaud and
               George Giakkoupis},
  title     = {The effect of power-law degrees on the navigability of small worlds:
               [extended abstract]},
  booktitle = {Proceedings of the 28th Annual {ACM} Symposium on Principles of Distributed
               Computing, {PODC} 2009},
  pages     = {240--249},
  year      = {2009},
  url       = {http://doi.acm.org/10.1145/1582716.1582755},
  doi       = {10.1145/1582716.1582755},
  timestamp = {Wed, 23 May 2012 14:26:11 +0200},
  biburl    = {http://dblp.uni-trier.de/rec/bib/conf/podc/FraigniaudG09},
  bibsource = {dblp computer science bibliography, http://dblp.org}
}

@article{DBLP:journals/ton/SiganosFFF03,
  author    = {Georgos Siganos and
               Michalis Faloutsos and
               Petros Faloutsos and
               Christos Faloutsos},
  title     = {Power laws and the AS-level internet topology},
  journal   = {{IEEE/ACM} Trans. Netw.},
  volume    = {11},
  number    = {4},
  pages     = {514--524},
  year      = {2003},
  url       = {http://dx.doi.org/10.1109/TNET.2003.815300},
  doi       = {10.1109/TNET.2003.815300},
  timestamp = {Thu, 03 Nov 2011 17:03:49 +0100},
  biburl    = {http://dblp.uni-trier.de/rec/bib/journals/ton/SiganosFFF03},
  bibsource = {dblp computer science bibliography, http://dblp.org}
}

@article{DBLP:journals/jacm/AchlioptasCKM09,
  author    = {Dimitris Achlioptas and
               Aaron Clauset and
               David Kempe and
               Cristopher Moore},
  title     = {On the bias of traceroute sampling: Or, power-law degree distributions
               in regular graphs},
  journal   = {J. {ACM}},
  volume    = {56},
  number    = {4},
  year      = {2009},
  url       = {http://doi.acm.org/10.1145/1538902.1538905},
  doi       = {10.1145/1538902.1538905},
  timestamp = {Thu, 02 Jul 2009 13:54:32 +0200},
  biburl    = {http://dblp.uni-trier.de/rec/bib/journals/jacm/AchlioptasCKM09},
  bibsource = {dblp computer science bibliography, http://dblp.org}
}

@article{DBLP:journals/rsa/BollobasRST01,
  author    = {B{\'{e}}la Bollob{\'{a}}s and
               Oliver Riordan and
               Joel Spencer and
               G{\'{a}}bor E. Tusn{\'{a}}dy},
  title     = {The degree sequence of a scale-free random graph process},
  journal   = {Random Struct. Algorithms},
  volume    = {18},
  number    = {3},
  pages     = {279--290},
  year      = {2001},
  url       = {http://dx.doi.org/10.1002/rsa.1009},
  doi       = {10.1002/rsa.1009},
  timestamp = {Sat, 14 Apr 2012 16:35:22 +0200},
  biburl    = {http://dblp.uni-trier.de/rec/bib/journals/rsa/BollobasRST01},
  bibsource = {dblp computer science bibliography, http://dblp.org}
}

@inproceedings{alstrup2015optimal,
 author = {Alstrup, Stephen and Dahlgaard, S{\o}ren and Knudsen, Mathias B{\ae}k Tejs},
 title = {Optimal induced universal graphs and adjacency labeling for trees},
 booktitle = {Proceedings of the 58th Symposium on Foundations of Computer Science},
 series = {FOCS '15},
 year = {2015},
 isbn = {0-7695-1822-2},
 publisher = {IEEE Computer Society},
 address = {Washington, DC, USA},
} 


@inproceedings{boldi2004webgraph,
  title={The webgraph framework I: compression techniques},
  author={Boldi, Paolo and Vigna, Sebastiano},
  booktitle={Proceedings of the 13th international conference on World Wide Web},
  pages={595--602},
  year={2004},
  organization={ACM}
}

@inproceedings{gonzalez2012powergraph,
  title={PowerGraph: Distributed Graph-Parallel Computation on Natural Graphs.},
  author={Gonzalez, Joseph E and Low, Yucheng and Gu, Haijie and Bickson, Danny and Guestrin, Carlos},
  booktitle={OSDI},
  volume={12},
  number={1},
  pages={2},
  year={2012}
}

@inproceedings{boldi2011layered,
  title={Layered label propagation: A multiresolution coordinate-free ordering for compressing social networks},
  author={Boldi, Paolo and Rosa, Marco and Santini, Massimo and Vigna, Sebastiano},
  booktitle={Proceedings of the 20th international conference on World Wide Web},
  pages={587--596},
  year={2011},
  organization={ACM}
}


@inproceedings{Sankowski2016PowerLaw,
 author = {Brach, Pawek and Cygan, Marek and Lacki, Jakub and Sankowski, Piotr},
 title = {Algorithmic Complexity of Power Law Networks},
 booktitle = {To appear in Proceedings of the thirty third annual ACM-SIAM symposium on Discrete algorithms},
 series = {SODA '16},
 year = {2014},
 url       = {http://arxiv.org/abs/1507.02426}
} 

@article{eom2011characterizing,
  title={Characterizing and Modeling Citation Dynamics},
  author={Eom, YH and Fortunato, S and Perc, Matjaz},
  journal={PLoS ONE},
  volume={6},
  number={9},
  pages={e24926},
  year={2011}
}

